<?xml version="1.0" encoding="utf-8"?>
<record xmlns="http://www.loc.gov/MARC21/slim" xmlns:xsi="http://www.w3.org/2001/XMLSchema-instance" xsi:schemaLocation="http://www.loc.gov/MARC21/slim http://www.loc.gov/standards/marcxml/schema/MARC21slim.xsd">
	<leader>     nam a22     Mi 4500</leader>
	<controlfield tag="001">1705755</controlfield>
	<controlfield tag="003">NjP</controlfield>
	<controlfield tag="006">m        d        </controlfield>
	<controlfield tag="007">cr cn |||m|||a</controlfield>
	<controlfield tag="008">190124s1969    ir      ob    000 0 arao </controlfield>
	<datafield ind1=" " ind2=" " tag="040">
		<subfield code="a">ZYU</subfield>
		<subfield code="b">ara</subfield>
		<subfield code="e">rda</subfield>
		<subfield code="c">ZYU</subfield>
	</datafield>
	<datafield ind1="0" ind2=" " tag="041">
		<subfield code="a">ara</subfield>
		<subfield code="a">fre</subfield>
	</datafield>
	<datafield ind1=" " ind2="4" tag="050">
		<subfield code="a">BP193</subfield>
		<subfield code="b">.A455</subfield>
	</datafield>
	<datafield ind1="1" ind2=" " tag="100">
		<subfield code="6">880-01</subfield>
		<subfield code="a">Āmulī, Ḥaydar ibn ʻAlī,</subfield>
		<subfield code="d">active 14th century.</subfield>
	</datafield>
	<datafield ind1="1" ind2="0" tag="240">
		<subfield code="6">880-02</subfield>
		<subfield code="a">Jāmiʻ al-asrār wa-manbaʻ al-anwār</subfield>
	</datafield>
	<datafield ind1="1" ind2="0" tag="245">
		<subfield code="a">Kitāb-i jāmiʻ al-asrār va manbaʻ al-anwār bih inz̤imām-i Risālat naqd al-nuqūd fī maʻrifat al-wujūd /</subfield>
		<subfield code="c">az taṣnīfāt-i Haydar Āmulī ; bā taṣhīhāt va dū muqaddamah va fihristha-yi Hanrī Kurbīn va ʻUsmān Ismāʻīl Yaḥyʹa.</subfield>
	</datafield>
	<datafield ind1="1" ind2="5" tag="246">
		<subfield code="a">Philosophie shiʻite: 1. Somme des doctrines ésotériques (Jāmiʻ al-asrār) 2. Traité de la connaissance de lʻétre (Fi maʻrifat al-wojūd) [par] Haydar Amoli</subfield>
	</datafield>
	<datafield ind1="3" ind2=" " tag="246">
		<subfield code="a">Jāmiʻ al-asrār wa-manbaʻ al-anwār</subfield>
	</datafield>
	<datafield ind1="3" ind2=" " tag="246">
		<subfield code="a">Risalat naqd al-nuqūd fī maʻrifat al-wujūd</subfield>
	</datafield>
	<datafield ind1=" " ind2=" " tag="260">
		<subfield code="a">Tihrān :</subfield>
		<subfield code="b">Anstītū-i Īrān va Farānsah, pazhūhishʹha-yi ʻilmī, qismat-i Īrānʹshināsī,</subfield>
		<subfield code="c">1969.</subfield>
	</datafield>
	<datafield ind1=" " ind2=" " tag="300">
		<subfield code="a">online resource (62, 832, 76 pages)</subfield>
	</datafield>
	<datafield ind1=" " ind2=" " tag="336">
		<subfield code="a">text</subfield>
		<subfield code="2">rdacontent</subfield>
	</datafield>
	<datafield ind1=" " ind2=" " tag="337">
		<subfield code="a">computer</subfield>
		<subfield code="2">rdamedia</subfield>
	</datafield>
	<datafield ind1=" " ind2=" " tag="338">
		<subfield code="a">online resource</subfield>
		<subfield code="2">rdacarrier</subfield>
	</datafield>
	<datafield ind1="1" ind2=" " tag="490">
		<subfield code="a">Ganjīnah-ʼi navishtahʹha-yi Īrānī ;</subfield>
		<subfield code="v">16</subfield>
	</datafield>
	<datafield ind1=" " ind2=" " tag="500">
		<subfield code="a">Part of the Arabic Collections Online (ACO) project, contributed by Princeton University Libraries.</subfield>
	</datafield>
	<datafield ind1=" " ind2=" " tag="504">
		<subfield code="a">&quot;Esquisse bibliographique&quot;: pages 36-57.</subfield>
	</datafield>
	<datafield ind1=" " ind2=" " tag="533">
		<subfield code="a">Electronic reproduction.</subfield>
		<subfield code="b">New York, N.Y. :</subfield>
		<subfield code="c">New York University,</subfield>
		<subfield code="d">2019.</subfield>
		<subfield code="5">NNU</subfield>
	</datafield>
	<datafield ind1=" " ind2=" " tag="546">
		<subfield code="a">Text in Arabic: introductions in Arabic and French.</subfield>
	</datafield>
	<datafield ind1=" " ind2="0" tag="650">
		<subfield code="a">Shīʻah</subfield>
		<subfield code="x">Doctrines.</subfield>
	</datafield>
	<datafield ind1=" " ind2="7" tag="650">
		<subfield code="a">Shīʻah</subfield>
		<subfield code="x">Doctrines.</subfield>
		<subfield code="2">fast</subfield>
		<subfield code="0">(OCoLC)fst01117948</subfield>
	</datafield>
	<datafield ind1="1" ind2=" " tag="700">
		<subfield code="6">880-03</subfield>
		<subfield code="a">Āmulī, Ḥaydar ibn ʻAlī,</subfield>
		<subfield code="d">active 14th century.</subfield>
		<subfield code="t">Risālat naqd al-nuqūd fī maʻrifat al-wujūd.</subfield>
	</datafield>
	<datafield ind1="2" ind2=" " tag="710">
		<subfield code="a">Princeton University.</subfield>
		<subfield code="b">Library.</subfield>
	</datafield>
	<datafield ind1="0" ind2=" " tag="730">
		<subfield code="a">Arabic Collections Online.</subfield>
	</datafield>
	<datafield ind1="0" ind2="8" tag="776">
		<subfield code="i">Online version:</subfield>
		<subfield code="a">Āmulī, Ḥaydar ibn ʻAlī, 14th cent.</subfield>
		<subfield code="s">Jāmiʻ al-asrār wa-manbaʻ al-anwār.</subfield>
		<subfield code="t">Kitāb-i jāmiʻ al-asrār va manbaʻ al-anwār bih inz̤imām-i Risālat naqd al-nuqūd fī maʻrifat al-wujūd.</subfield>
		<subfield code="d">Tihrān : Anstītū-i Īrān va Farānsah, pazhūhishʹha-yi ʻilmī, qismat-i Īrānʹshināsī, 1969</subfield>
		<subfield code="w">(OCoLC)555613113</subfield>
	</datafield>
	<datafield ind1="0" ind2="8" tag="776">
		<subfield code="i">Print version:</subfield>
		<subfield code="a">Āmulī, Ḥaydar ibn ʻAlī, active 14th century.</subfield>
		<subfield code="t">Kitāb-i jāmiʻ al-asrār va manbaʻ al-anwār bih inz̤imām-i Risālat naqd al-nuqūd fī maʻrifat al-wujūd</subfield>
		<subfield code="w">(NjP)1705755</subfield>
		<subfield code="w">(DLC)   73200342 </subfield>
		<subfield code="w">(OCoLC)23492276</subfield>
	</datafield>
	<datafield ind1=" " ind2="0" tag="830">
		<subfield code="a">Bibliothèque iranienne ;</subfield>
		<subfield code="v">16.</subfield>
	</datafield>
	<datafield ind1="4" ind2="0" tag="856">
		<subfield code="u">http://hdl.handle.net/2333.1/12jm6brq</subfield>
	</datafield>
	<datafield ind1="1" ind2=" " tag="880">
		<subfield code="6">100-01</subfield>
		<subfield code="a">عاملي، حيدر بن علي.</subfield>
	</datafield>
	<datafield ind1="1" ind2="0" tag="880">
		<subfield code="6">240-02</subfield>
		<subfield code="a">جامع الأسرار ومنبع الأنوار</subfield>
	</datafield>
	<datafield ind1="1" ind2="0" tag="880">
		<subfield code="6">245-00</subfield>
		<subfield code="a">کتاب جامع الأسرار ومنبع الأنوار ؛ به انضمام رسالة نقد النقود في معرفة الوجود /</subfield>
		<subfield code="c">از تصنيفات حيدر آملى ؛ با تصحيحات و دو مقدمه وفهرستهاى هنرى کربين و عثمان اسماعيل يحيى.</subfield>
	</datafield>
	<datafield ind1=" " ind2=" " tag="880">
		<subfield code="6">260-00</subfield>
		<subfield code="a">تهران :</subfield>
		<subfield code="b">قسمت ايران شناسى، انستيتو ايران و فرانسه پژوهشهاى علمى،</subfield>
		<subfield code="c">١٩٦٩.</subfield>
	</datafield>
	<datafield ind1="1" ind2=" " tag="880">
		<subfield code="6">700-03</subfield>
		<subfield code="a">عاملي، حيدر بن علي.</subfield>
		<subfield code="t">رسالة نقد النقود في معرفة الوجود.</subfield>
	</datafield>
	<datafield ind1=" " ind2=" " tag="959">
		<subfield code="a">NNU</subfield>
		<subfield code="b">WEB</subfield>
		<subfield code="c">GENI</subfield>
		<subfield code="t">0</subfield>
		<subfield code="m">Electronic access</subfield>
		<subfield code="s">01</subfield>
	</datafield>
	<datafield ind1=" " ind2=" " tag="999">
		<subfield code="i">NjP_1705755</subfield>
		<subfield code="o">(OCoLC)ocm23492276 </subfield>
		<subfield code="s">princeton_aco001540</subfield>
		<subfield code="e">(ERROR-880)</subfield>
	</datafield>
</record>
